@online{Requirements2024,
    author = {{Requirements.com Staff}},
    title = {What are Functional Requirements?},
    url = {https://requirements.com/Content/What-is/what-are-functional-requirements},
    date = {2024-07-12},
    publisher = {Requirements.com},
    note = {[Online]. Available: \url{https://requirements.com/Content/What-is/what-are-functional-requirements}}
}